
@phdthesis{sutherland1963sketchpad,
	title={Sketchpad-A Man-Machine Graphical Interface},
	author={Sutherland, I.},
	year={1963},
	school={PhD thesis, MIT}
}


@article{simon1971human,
  title={Human problem solving: The state of the theory in 1970.},
  author={Simon, H.A. and Newell, A.},
  journal={American Psychologist},
  volume={26},
  number={2},
  pages={145},
  year={1971},
  publisher={American Psychological Association}
}


@article{simon1973structure,
  title={The structure of ill structured problems},
  author={Simon, H.A.},
  journal={Artificial Intelligence},
  volume={4},
  number={3-4},
  pages={181--201},
  year={1973},
  publisher={Elsevier}
}

}

@article{rittel1973dilemmas,
	title={Dilemmas in a general theory of planning},
	author={Rittel, H.W.J. and Webber, M.M.},
	journal={Policy sciences},
	volume={4},
	number={2},
	pages={155--169},
	year={1973},
	publisher={Springer},
	verba = {3546},
	annote = {
		{\bfseries Summary:} 
		Hasd sdj  shf jskd jsdfh skdjf hsj fhsjf shkd fhjsdfjkhsdf.
		Hasd sdj  shf jskd jsdfh skdjf hsj fhsjf shkd fhjsdfjkhsdf. 
		Jhasd asdhjk $x=y \cdot \sin(b)$ akdj.
		{\bfseries Comments:}
		Hasd sdj  shf jskd jsdfh skdjf hsj fhsjf shkd fhjsdfjkhsdf.
		Hasd sdj  shf jskd jsdfh skdjf hsj fhsjf shkd fhjsdfjkhsdf.
	}
}

@book{bondy1976graph,
  title={Graph theory with applications},
  author={Bondy, J.A. and Murty, U.S.R.},
  volume={290},
  year={1976},
  publisher={MacMillan London}
}


@book{alexander1977pattern,
	title={{A Pattern Language: Towns, Buildings, Construction}},
	author={Alexander, C. and Ishikawa, S. and Silverstein, M.},
	volume={2},
	year={1977},
	publisher={Oxford University Press, USA}
}


@article{simon1978information,
  title={Information-processing theory of human problem solving},
  author={Simon, H.A.},
  journal={Handbook of learning and cognitive processes},
  volume={5},
  pages={271--295},
  year={1978},
  publisher={Lawrence Erlbaum Associates, Inc. Hillsdale, NJ}
}

@book{alexander1979timeless,
	title={{The Timeless Way of Building}},
	author={Alexander, C.},
	volume={1},
	year={1979},
	publisher={Oxford University Press, USA},
}


@article{stiny1978palladian,
  title={The {P}alladian grammar},
  author={Stiny, G. and Mitchell, W.J.},
  journal={Environment and Planning B},
  volume={5},
  number={1},
  pages={5--18},
  year={1978}
}

@book{lakatos1980methodology,
  title={The methodology of scientific research programmes},
  author={Lakatos, I. and Worrall, J. and Currie, G.},
  volume={1},
  year={1980},
  publisher={Cambridge Univ Pr}
}

@article{stiny1980introduction,
	Author = {G. Stiny},
	Journal = {Environment and Planning B: Planning and Design},
	Key = {Stiny},
	Number = 3,
	Pages = {343-352},
	Title = {Introduction to shape and shape grammars},
	Volume = 7,
	Year = 1980
}

@article{koning1981language,
	title={The language of the prairie: Frank Lloyd Wright's prairie houses},
	author={Koning, H. and Eizenberg, J.},
	journal={Environment and Planning B},
	volume={8},
	number={3},
	pages={295--323},
	year={1981}
}

@book{schon1983reflective,
	title={The reflective practitioner: How professionals think in action},
	author={Sch{\"o}n, D.A.},
	year={1983},
	publisher={Basic Books (AZ)}
}


@inproceedings{borning1986classes,
	title={Classes versus prototypes in object-oriented languages},
	author={Borning, A.H.},
	booktitle={Proceedings of 1986 ACM Fall joint computer conference},
	pages={36--40},
	year={1986},
	organization={IEEE Computer Society Press}
}

@article{bensabat1987case,
	title={The case research strategy in studies of information systems},
	author={Bensabat, I. and Goldstein, D. and Mead, M},
	journal={MIS Quarterly},
	volume={11},
	number={3},
	pages={369--386},
	year={1987},
	publisher={The Society for Information Management}
}


@article{winston1987taxonomy,
	title={A taxonomy of part-whole relations},
	author={Winston, M.E. and Chaffin, R. and Herrmann, D.},
	journal={Cognitive science},
	volume={11},
	number={4},
	pages={417--444},
	year={1987},
	publisher={Elsevier}
}

@article{kundu1988equivalence,
	title={The equivalence of the subregion representation and the wall representation for a certain class of rectangular dissections},
	author={Kundu, S.},
	journal={Communications of the ACM},
	volume={31},
	number={6},
	pages={752--763},
	year={1988},
	publisher={ACM}
}

@article{harel1988visual,
	title={On visual formalisms},
	author={Harel, D.},
	journal={Communications of the ACM},
	volume={31},
	number={5},
	pages={514--530},
	year={1988},
	publisher={ACM}
}

@inproceedings{ulrich1988function,
	title={Function sharing in mechanical design},
	author={Ulrich, K.T. and Seering, W.P.},
	booktitle={AAAI-88 Proceedings},
	pages={342--346},
	year={1988},
	organization={AAAI}
}
  

@inproceedings{dony1992prototype,
	title={Prototype-based languages: from a new taxonomy to constructive proposals and their validation},
	author={Dony, C. and Malenfant, J. and Cointe, P.},
	booktitle={ACM SIGPLAN Notices},
	volume={27},
	number={10},
	pages={201--217},
	year={1992},
	organization={ACM}
}

@book{feyerabend1993against,
  title={Against method},
  author={Feyerabend, P. and Feyerabend, P.K.},
  year={1993},
  publisher={Verso Books}
}

@article{cross1993science,
	title={Science and design methodology: a review},
	author={Cross, N.},
	journal={Research in Engineering Design},
	volume={5},
	number={2},
	pages={63--69},
	year={1993},
	publisher={Springer}
}

@inproceedings{heisserman1993generating,
	Author = {J. Heisserman and R. Woodbury},
	Booktitle = {Proceedings of Second ACM/IEEE Symposium on Solid Modeling and Applications},
	Key = {Heisserman},
	Month = {May 19-21,},
	Pages = {103-112},
	Title = {Generating Languages of Solid Models},
	Year = 1993
}

@article{guba1994competing,
	title={Competing paradigms in qualitative research},
	author={Guba, E.G. and Lincoln, Y.S.},
	journal={Handbook of qualitative research},
	volume={2},
	pages={163--194},
	year={1994}
}

@article{march1995design,
  title={Design and natural science research on information technology},
  author={March, S.T. and Smith, G.F.},
  journal={Decision support systems},
  volume={15},
  number={4},
  pages={251--266},
  year={1995},
  publisher={Elsevier}
}

@book{kuhn1996structure,
  title={The structure of scientific revolutions},
  author={Kuhn, T.S.},
  year={1996},
  publisher={University of Chicago press}
}

@article{maher1996modeling,
	title={Modeling Design Exploration as Co-Evolution},
	author={Maher, M.L. and Poon, J.},
	journal={Computer-Aided Civil and Infrastructure Engineering},
	volume={11},
	number={3},
	pages={195--209},
	year={1996},
	publisher={Wiley Online Library}
}

@book{simon1996sciences,
	title={The Sciences of the Artificial},
	author={Simon, H.A.},
	year={1996},
	publisher={MIT Press}
}
	
@inproceedings{marks1997design,
	title={Design galleries: A general approach to setting parameters for computer graphics and animation},
	author={Marks, J. and Andalman, B. and Beardsley, P.A. and Freeman, W. and Gibson, S. and Hodgins, J. and Kang, T. and Mirtich, B. and Pfister, H. and Ruml, W. and others},
	booktitle={Proceedings of the 24th annual conference on Computer graphics and interactive techniques},
	pages={389--400},
	year={1997},
	organization={ACM Press/Addison-Wesley Publishing Co.}
}

@article{taivalsaari1997classes,
	title={Classes vs. prototypes: Some philosophical and historical observations},
	author={Taivalsaari, A.},
	journal={Prototype-Based Programming: Concepts, Languages and Applications},
	pages={3--16},
	year={1997},
	publisher={Citeseer}
}


@inproceedings{yu1997towards,
	title={Towards modelling and reasoning support for early-phase requirements engineering},
	author={Yu, E.S.K.},
	booktitle={Requirements Engineering, 1997., Proceedings of the Third IEEE International Symposium on},
	pages={226--235},
	year={1997},
	organization={IEEE}
}

@article{brin1998anatomy,
	title={The anatomy of a large-scale hypertextual Web search engine},
	author={Brin, S. and Page, L.},
	journal={Computer networks and ISDN systems},
	volume={30},
	number={1-7},
	pages={107--117},
	year={1998},
	publisher={Elsevier}
}


@inproceedings{jankun2000spreadsheet,
	title={A spreadsheet interface for visualization exploration},
	author={Jankun-Kelly, TJ and Ma, K.L.},
	booktitle={Proceedings of the conference on Visualization'00},
	pages={69--76},
	year={2000},
	organization={IEEE Computer Society Press}
}

@article{stone2000development,
	title={Development of a functional basis for design},
	author={Stone, R.B. and Wood, K.L.},
	journal={Journal of Mechanical Design},
	volume={122},
	pages={359},
	year={2000}
}

@article{shneiderman2000creating,
	title={Creating creativity: user interfaces for supporting innovation},
	author={Shneiderman, B.},
	journal={ACM Transactions on Computer-Human Interaction (TOCHI)},
	volume={7},
	number={1},
	pages={114--138},
	year={2000},
	publisher={ACM}
}

@article{akin2001variants,
	title={Variants in design cognition},
	author={Akin, O.},
	journal={Design knowing and learning: Cognition in design education},
	pages={105--124},
	year={2001},
	publisher={Elsevier Science, Amsterdam, Netherlands}
}

@article{austin2001mapping,
	title={Mapping the conceptual design activity of interdisciplinary teams},
	author={Austin, S. and Steele, J. and Macmillan, S. and Kirby, P. and Spence, R.},
	journal={Design studies},
	volume={22},
	number={3},
	pages={211--232},
	year={2001},
	publisher={Elsevier}
}


@book{pena2001problem,
	title={Problem seeking: an architectural programming primer},
	author={Pe\~{n}a, W. and Parshall, S.},
	year={2001},
	publisher={John Wiley \& Sons Inc}
}


@techreport{shapiro2001solidmodeling,
     author = {Vadim Shapiro},
     title = {Solid Modeling},
     institution = {Spatial Automation Laboratory, University of Wisconsin},
     year = {2001},
     number = {SAL 2001-2}
}


@inproceedings{van2001goal,
	title={Goal-oriented requirements engineering: A guided tour},
	author={Van Lamsweerde, A.},
	booktitle={Requirements Engineering, 2001. Proceedings. Fifth IEEE International Symposium on},
	pages={249--262},
	year={2001},
	organization={IEEE}
}

@book{popper2002logic,
  title={The logic of scientific discovery},
  author={Popper, K.R.},
  year={2002},
  publisher={Psychology Press}
}

@article{stolte2002polaris,
	title={Polaris: A system for query, analysis, and visualization of multidimensional relational databases},
	author={Stolte, C. and Tang, D. and Hanrahan, P.},
	journal={Visualization and Computer Graphics, IEEE Transactions on},
	volume={8},
	number={1},
	pages={52--65},
	year={2002},
	publisher={IEEE}
}

@inproceedings{terry2002recognizing,
	title={Recognizing creative needs in user interface design},
	author={Terry, M. and Mynatt, E.D.},
	booktitle={Proceedings of the 4th conference on Creativity \& cognition},
	pages={38--44},
	year={2002},
	organization={ACM}
}

@inproceedings{fritzson2002modelica,
	title={Modelica --- a general object-oriented language for continuous and discrete-event system modeling and simulation},
	author={Fritzson, P. and Bunus, P.},
	booktitle={Simulation Symposium, 2002. Proceedings. 35th Annual},
	pages={365--380},
	year={2002},
	organization={IEEE}
}

@misc{torvalds2006git,
  title={{GIT---Fast Version Control System}},
  author={Torvalds, L. and Hamano, JC},
  year={2006}
}

@book{jacko2003hci, 
	title={The human-computer interaction handbook: fundamentals, evolving technologies and emerging applications}, 
	journal={Human factors and ergonomics}, 
	publisher={Lawrence Erlbaum Associates}, 
	author={Jacko, Julie A and Sears, Andrew}, 
	editor={Jacko, Julie A and Sears, Andrew}, 
	year={2003}, 
	pages={1358}
}

@phdthesis{erhan2003interactive,
	author={Erhan, H.},
	title={Interactive support for modeling and generating building design requirements},
	school={Carnegie Mellon University},
	year={2003}	
}

@article{cross2004expertise,
	title={Expertise in design: an overview},
	author={Cross, N.},
	journal={Design Studies},
	volume={25},
	number={5},
	pages={427--441},
	year={2004},
	publisher={Elsevier}
}

@article{gero2004situated,
	title={The situated function-behaviour-structure framework},
	author={Gero, J.S. and Kannengiesser, U.},
	journal={Design studies},
	volume={25},
	number={4},
	pages={373--391},
	year={2004},
	publisher={Elsevier}
}

@inproceedings{terry2004variation,
	title={Variation in element and action: supporting simultaneous development of alternative solutions},
	author={Terry, M. and Mynatt, E.D. and Nakakoji, K. and Yamamoto, Y.},
	booktitle={Proceedings of the SIGCHI conference on Human factors in computing systems},
	pages={711--718},
	year={2004},
	organization={ACM}
}

@inproceedings{bavoil2005vistrails,
	title={Vistrails: Enabling interactive multiple-view visualizations},
	author={Bavoil, L. and Callahan, S.P. and Crossno, P.J. and Freire, J. and Scheidegger, C.E. and Silva, C.T. and Vo, H.T.},
	booktitle={Visualization, 2005. VIS 05. IEEE},
	pages={135--142},
	year={2005},
	organization={IEEE}
}

@phdthesis{terry2005phdthesis,
	author={Terry, M.},
	title={Set-Based User Interaction},
	school={Georgia Institute of Technology},
	year={2005}	
}


@inproceedings{aish2005multi,
  title={Multi-level interaction in parametric design},
  author={Aish, R. and Woodbury, R.},
  booktitle={Smart Graphics},
  pages={924--924},
  year={2005},
  organization={Springer}
}

@article{coyne2005wicked,
  title={Wicked problems revisited},
  author={Coyne, R.},
  journal={Design studies},
  volume={26},
  number={1},
  pages={5--17},
  year={2005},
  publisher={Elsevier}
}

@book{berlin2006practical,
  title={Practical subversion},
  author={Berlin, D. and Rooney, G.},
  year={2006},
  publisher={Apress}
}

@article{north2006toward,
	title={Toward measuring visualization insight},
	author={North, C.},
	journal={Computer Graphics and Applications, IEEE},
	volume={26},
	number={3},
	pages={6--9},
	year={2006},
	publisher={IEEE}
}

@inproceedings{shneiderman2006strategies,
	title={Strategies for evaluating information visualization tools: multi-dimensional in-depth long-term case studies},
	author={Shneiderman, B. and Plaisant, C.},
	booktitle={Proceedings of the 2006 AVI workshop on Beyond time and errors: novel evaluation methods for information visualization},
	pages={1--7},
	year={2006},
	organization={ACM}
}

@article{vaishnavi2007design,
  title={Design research in information systems},
  author={Vaishnavi, V. and Kuechler, W.},
  journal={www.isworld.org},
  volume={22},
  number={2},
  pages={1--16},
  year={2007},
  publisher={Auerbach}
}

@inproceedings{zimmerman2007research,
  title={Research through design as a method for interaction design research in {HCI}},
  author={Zimmerman, J. and Forlizzi, J. and Evenson, S.},
  booktitle={Proceedings of the SIGCHI conference on Human factors in computing systems},
  pages={493--502},
  year={2007},
  organization={ACM}
}

@article{pedgley2007capturing,
	title={Capturing and analysing own design activity},
	author={Pedgley, O.},
	journal={Design Studies},
	volume={28},
	number={5},
	pages={463--483},
	year={2007},
	publisher={Elsevier}
}

@inproceedings{jennings2007design,
	title={Design as traversal and consequences: an exploration tool for experimental designs},
	author={Jennings, C.G. and Kirkpatrick, A.E.},
	booktitle={Proceedings of Graphics Interface 2007},
	pages={79--86},
	year={2007},
	organization={ACM}
}

@article{dorst2005john,
	title={John Gero's Function-Behaviour-Structure model of designing: a critical analysis},
	author={Dorst, K. and Vermaas, P.E.},
	journal={Research in Engineering Design},
	volume={16},
	number={1},
	pages={17--26},
	year={2005},
	publisher={Springer}
}

@article{dym2005engineering,
	title={Engineering design thinking, teaching, and learning},
	author={Dym, C. and Agogino, A. and Eris, O. and Frey, D. and Leifer, L.},
	journal={Journal of Engineering Education},
	pages={104--120},
	year={2005}
}

@article{sommerville2005integrated,
	title={Integrated requirements engineering: A tutorial},
	author={Sommerville, I.},
	journal={Software, IEEE},
	volume={22},
	number={1},
	pages={16--23},
	year={2005},
	publisher={IEEE}
}

@misc{cross2006designerly,
  title={Designerly ways of knowing},
  author={Cross, N.},
  publisher={Springer},
  year={2006}
}


@article{dorst2006design,
  title={Design problems and design paradoxes},
  author={Dorst, K.},
  journal={Design issues},
  volume={22},
  number={3},
  pages={4--17},
  year={2006},
  publisher={MIT Press}
}

@inproceedings{muller2006procedural,
	author = {M\"{u}ller, Pascal and Wonka, Peter and Haegler, Simon and Ulmer, Andreas and Van Gool, Luc},
	title = {Procedural modeling of buildings},
	booktitle = {ACM SIGGRAPH 2006 Papers},
	series = {SIGGRAPH '06},
	year = {2006},
	isbn = {1-59593-364-6},
	location = {Boston, Massachusetts},
	pages = {614--623},
	numpages = {10},
	publisher = {ACM},
	address = {New York, NY, USA},
	keywords = {Chomsky grammars, L-systems, architecture, computer-aided design, procedural modeling},
} 

@article{shneiderman2006creativity,
  title={Creativity support tools: Report from a US National Science Foundation sponsored workshop},
  author={Shneiderman, B. and Fischer, G. and Czerwinski, M. and Resnick, M. and Myers, B. and Candy, L. and Edmonds, E. and Eisenberg, M. and Giaccardi, E. and Hewett, T. and others},
  journal={International Journal of Human-Computer Interaction},
  volume={20},
  number={2},
  pages={61--77},
  year={2006},
  publisher={Taylor \& Francis}
}

@article{ritchey2006problem,
	title={Problem structuring using computer-aided morphological analysis},
	author={Ritchey, T.},
	journal={Journal of the Operational Research Society},
	volume={57},
	number={7},
	pages={792--801},
	year={2006},
	publisher={Nature Publishing Group}
}

@article{thomas2006visual,
  title={A visual analytics agenda},
  author={Thomas, J.J. and Cook, K.A.},
  journal={Computer Graphics and Applications, IEEE},
  volume={26},
  number={1},
  pages={10--13},
  year={2006},
  publisher={IEEE}
}

@article{woodbury2006whither,
	title={Whither design space?},
	author={Woodbury, R.F. and Burrow, A.L.},
	journal={Artificial intelligence for engineering design, analysis and manufacturing},
	volume={20},
	number={2},
	pages={63--82},
	year={2006},
	publisher={Cambridge University Press}
}

@book{weilkiens2007systems,
  title={Systems engineering with SysML/UML: modeling, analysis, design},
  author={Weilkiens, T.},
  year={2007},
  publisher={Morgan Kaufmann}
}

@book{creswell2007designing,
  title={Designing and conducting mixed methods research},
  author={Creswell, J.W. and Clark, V.L.P.},
  year={2007},
  publisher={Wiley Online Library}
}

@inproceedings{cheng2007research,
	title={Research directions in requirements engineering},
	author={Cheng, B.H.C. and Atlee, J.M.},
	booktitle={2007 Future of Software Engineering},
	pages={285--303},
	year={2007},
	organization={IEEE Computer Society}
}

@article{shneiderman2007creativity,
	title={Creativity support tools: accelerating discovery and innovation},
	author={Shneiderman, B.},
	journal={Communications of the ACM},
	volume={50},
	number={12},
	pages={20--32},
	year={2007},
	publisher={ACM}
}

@book{pilato2008version,
  title={Version control with subversion},
  author={Pilato, C.M. and Collins-Sussman, B. and Fitzpatrick, B.W.},
  year={2008},
  publisher={O'Reilly Media}
}

@book{creswell2008research,
  title={Research design: Qualitative, quantitative, and mixed methods approaches},
  author={Creswell, J.W.},
  year={2008},
  publisher={Sage Publications, Inc}
}
@article{greene2008mixed,
  title={Is mixed methods social inquiry a distinctive methodology?},
  author={Greene, J.C.},
  journal={Journal of Mixed Methods Research},
  volume={2},
  number={1},
  pages={7--22},
  year={2008},
  publisher={SAGE Publications}
}

@article{visser2009design,
	title={Design: one, but in different forms},
	author={Visser, W.},
	journal={Design Studies},
	volume={30},
	number={3},
	pages={187--223},
	year={2009},
	publisher={Elsevier}
}

@inproceedings{hartmann2008design,
	title={Design as exploration: creating interface alternatives through parallel authoring and runtime tuning},
	author={Hartmann, B. and Yu, L. and Allison, A. and Yang, Y. and Klemmer, S.R.},
	booktitle={Proceedings of the 21st annual ACM symposium on User interface software and technology},
	pages={91--100},
	year={2008},
	organization={ACM}
}

@article{howard2008describing,
	title={Describing the creative design process by the integration of engineering design and cognitive psychology literature},
	author={Howard, T.J. and Culley, SJ and Dekoninck, E.},
	journal={Design studies},
	volume={29},
	number={2},
	pages={160--180},
	year={2008},
	publisher={Elsevier}
}


@article{heer2008graphical,
	title={Graphical histories for visualization: Supporting analysis, communication, and evaluation},
	author={Heer, J. and Mackinlay, J. and Stolte, C. and Agrawala, M.},
	journal={Visualization and Computer Graphics, IEEE Transactions on},
	volume={14},
	number={6},
	pages={1189--1196},
	year={2008},
	publisher={IEEE}
}

@article{lunzer2008subjunctive,
	title={Subjunctive interfaces: Extending applications to support parallel setup, viewing and control of alternative scenarios},
	author={Lunzer, A. and Hornb{\ae}k, K.},
	journal={ACM Transactions on Computer-Human Interaction (TOCHI)},
	volume={14},
	number={4},
	pages={17},
	year={2008},
	publisher={ACM}
}

@article{fabresse2008foundations,
	title={Foundations of a simple and unified component-oriented language},
	author={Fabresse, L. and Dony, C. and Huchard, M.},
	journal={Computer Languages, Systems \& Structures},
	volume={34},
	number={2-3},
	pages={130--149},
	year={2008},
	publisher={Elsevier}
}

@book{booth2003craft,
  title={{The Craft of Research}},
  author={Booth, W.C. and Colomb, G.G. and Williams, J.M.},
  year={2003},
  publisher={University of Chicago press}
}

@inproceedings{schipper2009visual,
	title={Visual comparison of graphical models},
	author={Schipper, A. and Fuhrmann, H. and von Hanxleden, R.},
	booktitle={Engineering of Complex Computer Systems, 2009 14th IEEE International Conference on},
	pages={335--340},
	year={2009},
	organization={IEEE}
}

@inproceedings{herring2009getting,
	title={Getting inspired!: understanding how and why examples are used in creative design practice},
	author={Herring, S.R. and Chang, C.C. and Krantzler, J. and Bailey, B.P.},
	booktitle={Proceedings of the 27th international conference on Human factors in computing systems},
	pages={87--96},
	year={2009},
	organization={ACM}
}

@inproceedings{carroll2009creativity,
  title={Creativity factor evaluation: towards a standardized survey metric for creativity support},
  author={Carroll, E.A. and Latulipe, C. and Fung, R. and Terry, M.},
  booktitle={Proceeding of the seventh ACM conference on Creativity and cognition},
  pages={127--136},
  year={2009},
  organization={ACM}
}

@MastersThesis{sheikholeslami2009mscthesis,
	author	= {Mehdi Sheikholeslami},
	title		= {{Y}ou can get more than you make},
	school	= {{S}chool of {I}nteractive {A}rts and {T}echnology, {S}imon {F}raser {U}niversity},
	year		= 2009,
	key		= {Sheikholeslami},
	type		= {{M}aster's Thesis}
}

@inproceedings{whiting2009procedural,
	title={Procedural modeling of structurally-sound masonry buildings},
	author={Whiting, E. and Ochsendorf, J. and Durand, F.},
	booktitle={ACM Transactions on Graphics (TOG)},
	volume={28},
	number={5},
	pages={112},
	year={2009},
	organization={ACM}
}

@article{altmanninger2009survey,
	title={A survey on model versioning approaches},
	author={Altmanninger, K. and Seidl, M. and Wimmer, M.},
	journal={International Journal of Web Information Systems},
	volume={5},
	number={3},
	pages={271--304},
	year={2009},
	publisher={Emerald Group Publishing Limited}
}

@book{chacon2009pro,
  title={Pro Git},
  author={Chacon, S.},
  year={2009},
  publisher={Springer}
}


@article{chung2009nonfunctional,
	title={On non-functional requirements in software engineering},
	author={Chung, L. and do Prado Leite, J.},
	journal={Conceptual modeling: Foundations and applications},
	pages={363--379},
	year={2009},
	publisher={Springer}
}


@article{malak2009multi,
  title={Multi-attribute utility analysis in set-based conceptual design},
  author={Malak Jr, R.J. and Aughenbaugh, J.M. and Paredis, C.J.J.},
  journal={Computer-Aided Design},
  volume={41},
  number={3},
  pages={214--227},
  year={2009},
  publisher={Elsevier}
}


@article{shai2009creative,
  title={Creative conceptual design: extending the scope by infused design},
  author={Shai, O. and Reich, Y. and Rubin, D.},
  journal={Computer-Aided Design},
  volume={41},
  number={3},
  pages={117--135},
  year={2009},
  publisher={Elsevier}
}

@inproceedings{lee2010designing,
	title={Designing with interactive example galleries},
	author={Lee, B. and Srivastava, S. and Kumar, R. and Brafman, R. and Klemmer, S.R.},
	booktitle={Proceedings of the 28th international conference on Human factors in computing systems},
	pages={2257--2266},
	year={2010},
	organization={ACM}
}

@article{dow2010parallel,
	title={Parallel prototyping leads to better design results, more divergence, and increased self-efficacy},
	author={Dow, S.P. and Glassco, A. and Kass, J. and Schwarz, M. and Schwartz, D.L. and Klemmer, S.R.},
	journal={ACM Transactions on Computer-Human Interaction (TOCHI)},
	volume={17},
	number={4},
	pages={18},
	year={2010},
	publisher={ACM}
}

@article{graham2010survey,
	title={A survey of multiple tree visualisation},
	author={Graham, M. and Kennedy, J.},
	journal={Information Visualization},
	volume={9},
	number={4},
	pages={235},
	year={2010},
	publisher={SAGE Publications}
}

@Book{woodbury2010elements,
	author	= {Robert Woodbury},
	title		= {Elements of Parametric Design},
	publisher	= {Taylor and Francis},
	year		= 2010,
	key		= {Woodbury},
	note		= {With contributions from Brady Peters, Onur Y\"uce G\"un and Mehdi Sheikholeslami}
}


@PhdThesis{jennings2010phdthesis,
	author	= {Cristopher G. Jennings},
	title		= {On designing interactive systems that support creative problem solving in expert domains},
	school	= {School of Computing Science, Simon Fraser University},
	year		= 2010,
	key		= {Jennings}
}

@book{keim2010mastering,
  title={Mastering The Information Age-Solving Problems with Visual Analytics},
  author={Keim, D.A. and Kohlhammer, J. and Ellis, G. and Mansmann, F.},
  year={2010},
  publisher={Florian Mansmann}
}

@article{ruparelia2010history,
	title={The history of version control},
	author={Ruparelia, N.B.},
	journal={ACM SIGSOFT Software Engineering Notes},
	volume={35},
	number={1},
	pages={5--9},
	year={2010},
	publisher={ACM}
}

@book{krygiel2010mastering,
  title={Mastering Revit Architecture 2011},
  author={Krygiel, E. and Read, P. and Vandezande, J.},
  year={2010},
  publisher={Sybex}
}

@article{bettig2011geometric,
	title={Geometric Constraint Solving in Parametric Computer-Aided Design},
	author={Bettig, B. and Hoffmann, C.M.},
	journal={Journal of Computing and Information Science in Engineering},
	volume={11},
	year={2011}
}

@book{cross2011design,
  title={Design Thinking: Understanding how Designers Think and Work},
  author={Cross, N.},
  year={2011},
  publisher={Berg Pub Ltd}
}

@book{friedenthal2011practical,
  title={A practical guide to SysML: the systems modeling language},
  author={Friedenthal, S. and Moore, A. and Steiner, R.},
  year={2011},
  publisher={Morgan Kaufmann Pub}
}

@inproceedings{koc2011survey,
  title={A Survey of Version Control Systems},
  author={Koc, A. and Tansel, A.U.},
	booktitle={Proceedings of the The 2nd International Conference on Engineering and Meta-Engineering (ICEME) 2011},
	year={2011},
	organization={International Institute of Informatics and Systemics (IIIS)}
}

@PhdThesis{chen2012phdthesis,
	author	= {Yingjie (Victor) Chen},
	title	= {{A}lternatives in {V}isual {A}nalytics and {C}omputer {A}ided {D}esign},
	school	= {School of Interactive Arts and Technology, Simon Fraser University},
	year	= 2012,
	key		= {Chen},
	month	= {January}
}

@misc{raymond2012understanding,
  author = {Eric Raymond},
  title = {{Understanding Version-Control Systems (draft)}},
  howpublished = "\url{http://www.catb.org/~esr/writings/version-control/version-control.html}",
  year = {2008}, 
  note = "[online; accessed on February 25, 2012]"
}


@techreport{arnaud2007developing,
     title = {{Developing Web Applications with COLLADA and X3D}},
     author = {R\'emi Arnaud and Tony Parisi},
     institution = {Sony Computer Entertainment and Media Machines, Inc.},
     year = {2007}
}

@misc{bentley2011designplusplus,
  title={{Design++ User's Manual}},
  author={{Bentley Systems, Inc.}},
	year={2011}
}

@misc{autodesk2012revit,
  author = {{Autodesk, Inc.}},
  title = {{Autodesk Revit Architecture}},
  howpublished = "\url{http://usa.autodesk.com/revit-architecture/}",
  year = {2012}, 
  note = "[online; accessed on March 10, 2012]"
}

@misc{bentley2012gc,
  author={{Bentley Systems, Inc.}},
  title = {{GenerativeComponents}},
  howpublished = "\url{http://www.bentley.com/gc/}",
  year = {2012}, 
  note = "[online; accessed on March 10, 2012]"
}


@misc{rhino2012grasshopper,
  author={{Bentley Systems, Inc.}},
  title = {{GenerativeComponents}},
  howpublished = "\url{http://www.bentley.com/gc/}",
  year = {2012}, 
  note = "[online; accessed on March 10, 2012]"
}

@misc{rutten2008grasshopper,
  title={Grasshopper --- Generative Modeling for Rhino},
  author={David Rutten},
  year={2008}
}


@misc{payne2009grasshopper,
  title={The Grasshopper Primer, Second Edition},
  author={Payne, A. and Issa, R.},
  year={2009},
  publisher={Robert McNneel \& Associates}
}


@misc{dassault2012solidworks,
  author={{Dassault Syst\`emes S.A.}},
  title = {{SolidWorks}},
  howpublished = "\url{http://www.solidworks.com/}",
  year = {2012}, 
  note = "[online; accessed on March 10, 2012]"
}

@misc{google2012sketchup,
  author={{Google, Inc.}},
  title = {{SketchUp}},
  howpublished = "\url{http://sketchup.google.com/}",
  year = {2012}, 
  note = "[online; accessed on March 14, 2012]"
}


@misc{buildingsmart2012ifc,
  author={{buildingSMART}},
  title = {{Industry Foundation Classes (IFC)}},
  howpublished = "\url{http://buildingsmart.com/}",
  year = {2012}, 
  note = "[online; accessed on March 10, 2012]"
}

@inproceedings{harada1995interactive,
  title={Interactive physically-based manipulation of discrete/continuous models},
  author={Harada, M. and Witkin, A. and Baraff, D.},
  booktitle={Proceedings of the 22nd annual conference on Computer graphics and interactive techniques},
  pages={199--208},
  year={1995},
  organization={ACM}
}

@inproceedings{botsch2006geometric,
  title={Geometric modeling based on triangle meshes},
  author={Botsch, M. and Pauly, M. and Rossl, C. and Bischoff, S. and Kobbelt, L.},
  booktitle={ACM SIGGRAPH 2006 Courses},
  pages={1},
  year={2006},
  organization={ACM}
}

@article{newel1973knowledgelevel,
  title={The Knowledge Level},
  author={Newell, A.},
  journal={Artificial intelligence},
  volume={18},
  pages={87--127},
  year={1982},
  publisher={Elsevier}
}


@inproceedings{botsch2008geometric,
  title={Geometric modeling based on polygonal meshes},
  author={Botsch, M. and Pauly, M. and Kobbelt, L. and Alliez, P. and L{\'e}vy, B. and Bischoff, S. and R{\"o}ssl, C.},
  booktitle={{Eurographics 2008 Course Notes}},
  year={2008},
  organization={Eurographics}
}


@article{kasik2005ten,
  title={Ten CAD challenges},
  author={Kasik, D.J. and Buxton, W. and Ferguson, D.R.},
  journal={Computer Graphics and Applications, IEEE},
  volume={25},
  number={2},
  pages={81--92},
  year={2005},
  publisher={IEEE}
}

@inproceedings{woodbury2000erasure,
  title={Erasure in design space exploration},
  author={Woodbury, R. and Datta, S. and Burrow, A.},
  booktitle={Artificial Intelligence in Design},
  pages={521--543},
  year={2000}
}


@article{attar2009physics,
  title={Physics-Based Generative Design},
  author={Attar, R. and Aish, R. and Stam, J. and Brinsmead, D. and Tessier, A. and Glueck, M. and Khan, A.},
  journal={Proc. of Joining Languages, Cultures \& Visions: CAADFutures},
  volume={9},
  pages={231--244},
  year={2009}
}

@book{lehman2005jmp,
  title={JMP for basic univariate and multivariate statistics: a step-by-step guide},
  author={Lehman, A.},
  year={2005},
  publisher={SAS Publishing}
}

@inproceedings{merrell2010computer,
  title={Computer-generated residential building layouts},
  author={Merrell, P. and Schkufza, E. and Koltun, V.},
  booktitle={ACM Transactions on Graphics (TOG)},
  volume={29},
  number={6},
  pages={181},
  year={2010},
  organization={ACM}
}

@article{menezes2006designers,
  title={How designers perceive sketches},
  author={Menezes, A. and Lawson, B.},
  journal={Design Studies},
  volume={27},
  number={5},
  pages={571--585},
  year={2006},
  publisher={Elsevier}
}


@article{kees2008design,
  title={Design research: a revolution-waiting-to-happen},
  author={Kees, D.},
  year={2008}
}


@article{sch�n1992designing,
  title={Designing as reflective conversation with the materials of a design situation},
  author={Sch{\"o}n, D.A.},
  journal={Knowledge-Based Systems},
  volume={5},
  number={1},
  pages={3--14},
  year={1992},
  publisher={Elsevier}
}

@inproceedings{taylor2007software,
  title={Software Design and Architecture The once and future focus of software engineering},
  author={Taylor, R.N. and van der Hoek, A.},
  booktitle={Future of Software Engineering, 2007. FOSE'07},
  pages={226--243},
  year={2007},
  organization={IEEE}
}


@article{kruger2006solution,
  title={Solution driven versus problem driven design: strategies and outcomes},
  author={Kruger, C. and Cross, N.},
  journal={Design Studies},
  volume={27},
  number={5},
  pages={527--548},
  year={2006},
  publisher={Elsevier}
}


@article{shum1997graphical,
  title={Graphical argumentation and design cognition},
  author={Shum, S.J.B. and MacLean, A. and Bellotti, V.M.E. and Hammond, N.V.},
  journal={Human-Computer Interaction},
  volume={12},
  number={3},
  pages={267--300},
  year={1997},
  publisher={Taylor \& Francis}
}


@article{lloydbryan1995can,
  title={Can concurrent verbalization reveal design cognition?},
  author={Lloyd, P. and Lawson, B. and Scott, P.},
  journal={Design Studies},
  volume={16},
  number={2},
  pages={237--259},
  year={1995},
  publisher={Elsevier}
}

@article{derthick2001enhancing,
  title={Enhancing data exploration with a branching history of user operations},
  author={Derthick, M. and Roth, S.F.},
  journal={Knowledge-Based Systems},
  volume={14},
  number={1},
  pages={65--74},
  year={2001},
  publisher={Elsevier}
}

@article{dorst1995comparing,
  title={Comparing paradigms for describing design activity},
  author={Dorst, K. and Dijkhuis, J.},
  journal={Design Studies},
  volume={16},
  number={2},
  pages={261--274},
  year={1995},
  publisher={Elsevier}
}

@inproceedings{nishino20013d,
  title={A 3D modeling system for creative design},
  author={Nishino, H. and Takagi, H. and Cho, S.B. and Utsumiya, K.},
  booktitle={Information Networking, 2001. Proceedings. 15th International Conference on},
  pages={479--486},
  year={2001},
  organization={IEEE}
}

@article{takagi2001interactive,
  title={Interactive evolutionary computation: Fusion of the capabilities of EC optimization and human evaluation},
  author={Takagi, H.},
  journal={Proceedings of the IEEE},
  volume={89},
  number={9},
  pages={1275--1296},
  year={2001},
  publisher={IEEE}
}

@inproceedings{tohidi2006getting,
  title={Getting the right design and the design right},
  author={Tohidi, M. and Buxton, W. and Baecker, R. and Sellen, A.},
  booktitle={Proceedings of the SIGCHI conference on Human Factors in computing systems},
  pages={1243--1252},
  year={2006},
  organization={ACM}
}

@inproceedings{warr2005understanding,
  title={Understanding design as a social creative process},
  author={Warr, A. and O'Neill, E.},
  booktitle={Proceedings of the 5th conference on Creativity \& cognition},
  pages={118--127},
  year={2005},
  organization={ACM}
}

@article{smith1998idea,
  title={Idea-Generation Techniques: A Formulary of Active Ingredients},
  author={Smith, G.F.},
  journal={The Journal of Creative Behavior},
  volume={32},
  number={2},
  pages={107--134},
  year={1998},
  publisher={Wiley Online Library}
}

@article{atman1999comparison,
  title={A comparison of freshman and senior engineering design processes},
  author={Atman, C.J. and Chimka, J.R. and Bursic, K.M. and Nachtmann, H.L.},
  journal={Design Studies},
  volume={20},
  number={2},
  pages={131--152},
  year={1999},
  publisher={Elsevier}
}

@inproceedings{marks1997designbrowsers,
  title={Design gallery browsers based on 2D and 3D graph drawing},
  author={Marks, J. and Ruml, W. and Andalman, B. and Ryall, K. and Shieber, S.},
  booktitle={Proceedings of Graph Drawing},
  volume={97},
  year={1997}
}

@inproceedings{roberts2000multiple,
  title={Multiple view and multiform visualization},
  author={Roberts, J.C.},
  booktitle={Proceedings of SPIE},
  volume={3960},
  pages={176},
  year={2000}
}

@inproceedings{fuchs2009visualization,
  title={Visualization of Multi-Variate Scientific Data},
  author={Fuchs, R. and Hauser, H.},
  booktitle={Computer Graphics Forum},
  volume={28},
  number={6},
  pages={1670--1690},
  year={2009},
  organization={Wiley Online Library}
}

@inproceedings{busking2010dynamic,
  title={Dynamic Multi-View Exploration of Shape Spaces},
  author={Busking, S. and Botha, C.P. and Post, F.H.},
  booktitle={Computer Graphics Forum},
  volume={29},
  number={3},
  pages={973--982},
  year={2010},
  organization={Wiley Online Library}
}


@inproceedings{roberts2007state,
  title={State of the art: Coordinated \& multiple views in exploratory visualization},
  author={Roberts, J.C.},
  booktitle={Coordinated and Multiple Views in Exploratory Visualization, 2007. CMV'07. Fifth International Conference on},
  pages={61--71},
  year={2007},
  organization={IEEE}
}


@inproceedings{quigley2002semi,
  title={Semi-automatic antenna design via sampling and visualization},
  author={Quigley, A. and Leigh, D. and Lesh, N. and Marks, J. and Ryall, K. and Wittenburg, K.},
  booktitle={Antennas and Propagation Society International Symposium, 2002. IEEE},
  volume={2},
  pages={342--345},
  year={2002},
  organization={IEEE}
}

@article{ward1995second,
  title={The second Toyota paradox: How delaying decisions can make better cars faster},
  author={Ward, A. and Liker, J.K. and Cristiano, J.J. and Sobek, D.K.},
  journal={Sloan Management Review},
  volume={36},
  pages={43--43},
  year={1995}
}

@article{sobek1999toyota,
  title={Toyota's principles of set-based concurrent engineering},
  author={Ward, A.C. and Liker, J.K.},
  journal={Sloan management review},
  volume={40},
  number={2},
  pages={67--84},
  year={1999}
}

@book{alexander1964notes,
  title={Notes on the Synthesis of Form},
  author={Alexander, C.},
  volume={5},
  year={1964},
  publisher={Harvard Univ Pr}
}

@article{kurlander1990visual,
  title={A visual language for browsing, undoing, and redoing graphical interface commands},
  author={Kurlander, D. and Feiner, S.},
  journal={Visual languages and visual programming},
  pages={257--275},
  year={1990},
  publisher={Plenum Press, New York, NY}
}

@misc{starck1990juicysalif,
  title={{Juicy Salif}},
  author={Starck, P.},
  year={1990}
}

@article{lloyd2003philippe,
  title={What was Philippe Starck thinking of?},
  author={Lloyd, P. and Snelders, D.},
  journal={Design Studies},
  volume={24},
  number={3},
  pages={237--253},
  year={2003},
  publisher={Elsevier}
}


@misc{foster2006valerygergiev,
  title={{Valery Gergiev Cultural Centre, Vladikavkaz, North Ossetia}},
  author={Martha Tsigkari},
  year={2006},
  organization={Foster + Partners}
}

@inproceedings{klemmer2002web,
  title={Where do web sites come from?: capturing and interacting with design history},
  author={Klemmer, S.R. and Thomsen, M. and Phelps-Goodman, E. and Lee, R. and Landay, J.A.},
  booktitle={Proceedings of the SIGCHI conference on Human factors in computing systems: Changing our world, changing ourselves},
  pages={1--8},
  year={2002},
  organization={ACM}
}

@inproceedings{stump2003design,
  title={Design space visualization and its application to a design by shopping paradigm},
  author={Stump, G.M. and Yukish, M. and Simpson, T.W. and Harris, E.N.},
  booktitle={ASME Design Engineering Technical Conferences-Design Automation Conference},
  year={2003},
  organization={ASME}
}

@inproceedings{greenberg2008usability,
  title={Usability evaluation considered harmful (some of the time)},
  author={Greenberg, S. and Buxton, B.},
  booktitle={Proceedings of the twenty-sixth annual SIGCHI conference on Human factors in computing systems},
  pages={111--120},
  year={2008},
  organization={ACM}
}

@article{hewett2005creativity,
  title={Creativity support tool evaluation methods and metrics},
  author={Hewett, T. and Czerwinski, M. and Terry, M. and Nunamaker, J. and Candy, L. and Kules, B. and Sylvan, E.},
  journal={Creativity Support Tools},
  pages={10--24},
  year={2005}
}

@inproceedings{wolf2006dispelling,
  title={Dispelling design as the black art of CHI},
  author={Wolf, T.V. and Rode, J.A. and Sussman, J. and Kellogg, W.A.},
  booktitle={Proceedings of the SIGCHI conference on Human Factors in computing systems},
  pages={521--530},
  year={2006},
  organization={ACM}
}

@article{gleicher2011visual,
  title={Visual comparison for information visualization},
  author={Gleicher, M. and Albers, D. and Walker, R. and Jusufi, I. and Hansen, C.D. and Roberts, J.C.},
  journal={Information Visualization},
  volume={10},
  number={4},
  pages={289--309},
  year={2011},
  publisher={SAGE Publications}
}

@article{vander2001lessons,
  title={Lessons learned about one-way, dataflow constraints in the Garnet and Amulet graphical toolkits},
  author={Vander Zanden, B.T. and Halterman, R. and Myers, B.A. and McDaniel, R. and Miller, R. and Szekely, P. and Giuse, D.A. and Kosbie, D.},
  journal={ACM Transactions on Programming Languages and Systems (TOPLAS)},
  volume={23},
  number={6},
  pages={776--796},
  year={2001},
  publisher={ACM}
}


@article{kules2005supporting,
  title={Supporting creativity with search tools},
  author={Kules, B.},
  journal={Creativity Support Tools},
  pages={53--64},
  year={2005}
}

@inproceedings{edwards2000temporal,
  title={A temporal model for multi-level undo and redo},
  author={Edwards, W.K. and Igarashi, T. and LaMarca, A. and Mynatt, E.D.},
  booktitle={Proceedings of the 13th annual ACM symposium on User interface software and technology},
  pages={31--40},
  year={2000},
  organization={ACM}
}


@article{lutteroth2011rewriting,
  title={Rewriting History: more power to creative people},
  author={Lutteroth, C. and Weber, G.},
  journal={Computer Science Technical Reports},
  year={2011},
  publisher={University of Auckland Computer Science Department}
}


@techreport{su2009interactive,
  title={Interactive visual histories for vector graphics},
  author={Su, SL and Paris, S. and Aliaga, F. and Scull, C. and Johnson, S. and Durand, F.},
  year={2009},
  institution={Tech. rep., Massachusetts Institute of Technology}
}


@inproceedings{grossman2010chronicle,
  title={Chronicle: capture, exploration, and playback of document workflow histories},
  author={Grossman, T. and Matejka, J. and Fitzmaurice, G.},
  booktitle={Proceedings of the 23nd annual ACM symposium on User interface software and technology},
  pages={143--152},
  year={2010},
  organization={ACM}
}

@article{sarvghad2009history,
  title={History Tools for Collaborative Visualization},
  author={Sarvghad, A. and Mahyar, N. and Tory, M.},
  journal={Collaborative Visualization on Interactive Surfaces-CoVIS'09},
  pages={21},
  year={2009}
}

@inproceedings{sun2000undo,
  title={Undo any operation at any time in group editors},
  author={Sun, C.},
  booktitle={Proceedings of the 2000 ACM conference on Computer supported cooperative work},
  pages={191--200},
  year={2000},
  organization={ACM}
}

@inproceedings{sun1998operational,
  title={Operational transformation in real-time group editors: issues, algorithms, and achievements},
  author={Sun, C. and Ellis, C.},
  booktitle={Proceedings of the 1998 ACM conference on Computer supported cooperative work},
  pages={59--68},
  year={1998},
  organization={ACM}
}

@inproceedings{cass2006empirical,
  title={An empirical evaluation of undo mechanisms},
  author={Cass, A.G. and Fernandes, C.S.T. and Polidore, A.},
  booktitle={Proceedings of the 4th Nordic conference on Human-computer interaction: changing roles},
  pages={19--27},
  year={2006},
  organization={ACM}
}

@misc{siza1977malagueira,
  title={{Quinta de Malagueira Residential Project}},
  author={\'Alvaro Siza},
  year={1977}
}

@book{fleck1995siza,
  title={\'Alvaro Siza (Architecture Collection)},
  author={Brigitte Fleck},
  year={1995},
  publisher={Taylor \& Francis}
}

@article{maleki2008reinterpreting,
  title={Reinterpreting Rasmi Domes with Geometric Constraints: A Case of Goal-seeking in Parametric Systems},
  author={Maleki, M.M. and Woodbury, R.F.},
  journal={International Journal of Architectural Computing},
  volume={6},
  number={4},
  pages={375--395},
  year={2008},
  publisher={Multi-Science}
}

@misc{gehry2003laphil,
  title={{Walt Disney Concert Hall, Los Angeles}},
  author={Frank Gehry},
  year={2003}
}


@misc{gehry2011sprucestreet,
  title={{8 Spruce Street Tower, New York}},
  author={Frank Gehry},
  year={2011}
}


@misc{gehry2007iac,
  title={{IAC Building, New York}},
  author={Frank Gehry},
  year={2007}
}


@book{jodidio2005renzo,
  title={Renzo Piano Building Workshop 1966-2005},
  author={Jodidio, P.},
  year={2005},
  publisher={Taschen}
}

@misc{piano1998tjibaou,
  title={{Jean-Marie Tjibaou Cultural Centre, Noum\'ea, New Caledonia}},
  author={Renzo Piano},
  year={1998}
}

@book{bell2010thenewmodernhouse,
  title={The New Modern House: Redefining Functionalism},
  author={Jonathan Bell and Ellie Stathaki},
  year={2010},
  publisher={Laurence King Publishers}
}

@misc{broekx2006lenaerts,
  title={{Lenaerts-Thijs House}},
  author={Broekx-Schiepers Architects},
  year={2006}
}


@misc{davinci1487vitruvian,
  title={{Vitruvian Man}},
  author={da Vinci, Leonardo},
  year={1487}
}

@misc{davinci1485sforza,
  title={{Study for the Sforza Monument}},
  author={da Vinci, Leonardo},
  year={1485}
}

@misc{carusostjohn2005brickhouse,
  title={{Brick House}},
  author={{Caruso St John Architects}},
  year={2005}
}


@misc{calatrava2004turningtorso,
  title={{Turning Torso}},
  author={{Santiago Calatrava}},
  year={2004}
}

@book{jodidio2009calatrava,
  title={Calatrava},
  author={Jodidio, P.},
  year={2009},
  publisher={Taschen}
}

@misc{calatrava2005chicagospire,
  title={{Chicago Spire}},
  author={{Santiago Calatrava}},
  year={2005}
}

@article{warth2011worlds,
  title={Worlds: Controlling the scope of side effects},
  author={Warth, A. and Ohshima, Y. and Kaehler, T. and Kay, A.},
  journal={ECOOP 2011--Object-Oriented Programming},
  pages={179--203},
  year={2011},
  publisher={Springer}
}

